<record><leader>00000cas a22000007a 4500</leader><controlfield tag="001">15634831</controlfield><controlfield tag="008">870505d18941895iaudn ne      0    0eng d</controlfield><datafield ind1=" " ind2=" " tag="010"><subfield code="a">sn 87058186 </subfield></datafield><datafield ind1=" " ind2=" " tag="040"><subfield code="a">INP</subfield><subfield code="b">eng</subfield><subfield code="c">INP</subfield><subfield code="d">OCLCQ</subfield><subfield code="d">IUL</subfield><subfield code="d">OCLCF</subfield></datafield><datafield ind1=" " ind2=" " tag="042"><subfield code="a">msc</subfield></datafield><datafield ind1=" " ind2=" " tag="043"><subfield code="a">n-us-ia</subfield></datafield><datafield ind1="0" ind2="0" tag="245"><subfield code="a">Davenport daily tribune.</subfield></datafield><datafield ind1=" " ind2=" " tag="260"><subfield code="a">Davenport, Iowa :</subfield><subfield code="b">Tribune Co.,</subfield><subfield code="c">1894-1895.</subfield></datafield><datafield ind1=" " ind2=" " tag="300"><subfield code="a">v.</subfield></datafield><datafield ind1=" " ind2=" " tag="310"><subfield code="a">Daily (except Monday)</subfield></datafield><datafield ind1="0" ind2=" " tag="362"><subfield code="a">Nov. 1, 1894-Sept. 25, 1895.</subfield></datafield><datafield ind1=" " ind2="0" tag="651"><subfield code="a">Davenport (Iowa)</subfield><subfield code="v">Newspapers.</subfield></datafield><datafield ind1=" " ind2="0" tag="651"><subfield code="a">Scott County (Iowa)</subfield><subfield code="v">Newspapers.</subfield></datafield><datafield ind1=" " ind2="7" tag="651"><subfield code="a">Iowa</subfield><subfield code="z">Davenport.</subfield><subfield code="2">fast</subfield><subfield code="0">(OCoLC)fst01207492</subfield></datafield><datafield ind1=" " ind2="7" tag="651"><subfield code="a">Iowa</subfield><subfield code="z">Scott County.</subfield><subfield code="2">fast</subfield><subfield code="0">(OCoLC)fst01212225</subfield></datafield><datafield ind1=" " ind2="7" tag="655"><subfield code="a">Newspapers.</subfield><subfield code="2">fast</subfield><subfield code="0">(OCoLC)fst01423814</subfield></datafield><datafield ind1=" " ind2=" " tag="752"><subfield code="a">United States</subfield><subfield code="b">Iowa</subfield><subfield code="c">Scott</subfield><subfield code="d">Davenport.</subfield></datafield><datafield ind1="0" ind2=" " tag="775"><subfield code="t">Davenport weekly tribune (Davenport, Iowa : 1894)</subfield><subfield code="w">(DLC)sn 87058192</subfield><subfield code="w">(OCoLC)15638260</subfield></datafield><datafield ind1="0" ind2="0" tag="780"><subfield code="t">Davenport tribune (Davenport, Iowa : Daily)</subfield><subfield code="w">(DLC)sn 87058185</subfield><subfield code="w">(OCoLC)15634799</subfield></datafield><datafield ind1="0" ind2="0" tag="785"><subfield code="t">Davenport daily Republican tribune</subfield><subfield code="w">(DLC)sn 87058187</subfield><subfield code="w">(OCoLC)15634848</subfield></datafield></record>